@misc{Garca2024,
   author = {Fernán García},
   month = {11},
   title = {Atomic Design: ¿qué es y cómo usarlo? | Blog de Arsys},
   url = {https://www.arsys.es/blog/atomic-design-que-es-y-como-usarlo},
   year = {2024}
}

@misc{Grados2023,
   author = {Hugo Grados},
   month = {4},
   title = {Flutter: ¿Cómo navegar entre pantallas utilizando Navigator? | by Hugo Grados | Medium},
   url = {https://medium.com/@hdgch1106/flutter-c%C3%B3mo-navegar-entre-pantallas-utilizando-navigator-c8f476d3a08f},
   year = {2023}
}
